@book{assia_mahboubi_2021_4457887,
  author       = {Assia Mahboubi and
                  Enrico Tassi},
  title        = {Mathematical Components},
  publisher    = {Zenodo},
  year         = 2021,
  month        = jan,
  doi          = {10.5281/zenodo.4457887},
  url          = {https://doi.org/10.5281/zenodo.4457887}
}